@preamble{ "\newcommand{\noopsort}[1]{} "
    # "\newcommand{\printfirst}[2]{#1} "
    # "\newcommand{\singleletter}[1]{#1} "
    # "\newcommand{\switchargs}[2]{#2#1} "
}

@article{mitmTheory,
    author={Avijit Mallik},
    title={MAN-IN-THE-MIDDLE-ATTACK: UNDERSTANDING IN SIMPLE WORDS},
    journal={Cyberspace: Jurnal Pendidikan Teknologi Informasi},
    year={2019},
    volume={2},
    number={2},
    pages={109-134}
}

@inproceedings{mitmPCIe,
    author={Khelif, Mohamed Amine and Lorandel, Jordane and Romain, Olivier and Regnery, Matthieu and Baheux, Denis and Barbu, Guillaume},
    title={Toward a Hardware Man-in-the-Middle Attack on {PCIe} Bus for Smart Data Replay}, 
    booktitle={2019 22nd Euromicro Conference on Digital System Design (DSD)}, 
    year={2019},
    pages={230-237}
}

@inproceedings{mitmCAN,
    author={Gazdag, Andr{\'a}s and Ferenczi, Csongor and Butty{\'a}n, Levente},
    title={Development of a man-in-the-middle attack device for the {CAN} bus},
    booktitle={1st Conference on Information Technology and Data Science},
    year={2020}
}

@inproceedings {mitmTouch,
    author = {Omer Shwartz and Amir Cohen and Asaf Shabtai and Yossi Oren},
    title = {Shattered Trust: When Replacement Smartphone Components Attack},
    booktitle = {11th USENIX Workshop on Offensive Technologies (WOOT 17)},
    year = {2017}
}

@inproceedings{mitmI2C,
    author = {Khelif, Mohamed Amine and Lorandel, Jordane and Romain, Olivier},
    title = {Non-invasive I2C Hardware Trojan Attack Vector},
    year = {2021},
}

@misc{mitmSPI,
    author={McDonald, Darren},
    title={Sniffing Bitlocker Keys on the {SPI} Bus},
    year={2021},
    note={[Citované 2024-01-30] Dostupné z \url{https://www.cryptic.red/post/sniffing-tpm-keys-on-the-spi-bus}}
}

@manual{i2cBus,
    organization={NXP Semiconductors},
    title={{UM10204} I2C-bus specification and user manual},
    year={2021},
    note={Rev. 7.0}
}

@manual{eepromDatasheet,
    organization={Atmel Corporation},
    title={Three-wire Serial {EEPROM}},
    year={2021},
    note={Rev. 7.0}
}

@manual{spiBus,
    organization={NXP Semiconductors},
    title={{MPC5121e Serial Peripheral Interface (SPI)}},
    year={2010},
    note={Rev. 0}
}